@Manual{R-base,
  title        = {R: A Language and Environment for Statistical Computing},
  author       = {{R Core Team}},
  organization = {R Foundation for Statistical Computing},
  address      = {Vienna, Austria},
  year         = {2024},
  url          = {https://www.R-project.org/}
}

@Article{Gentleman2004,
  author  = {Robert C. Gentleman and Vincent J. Carey and Douglas M. Bates and Ben Bolstad and Marcel Dettling and Sandrine Dudoit and Byron Ellis and Laurent Gautier and Yongchao Ge and Jeff Gentry and Kurt Hornik and Torsten Hothorn and Wolfgang Huber and Stefano Iacus and Rafael A. Irizarry and Friedrich Leisch and Cheng Li and Martin Maechler and Anthony J. Rossini and Gunther Sawitzki and Colin Smith and Gordon K. Smyth and Luke Tierney and Jean Y. H. Yang and Jianhua Zhang},
  title   = {Bioconductor: Open software development for computational biology and bioinformatics},
  journal = {Genome Biology},
  year    = {2004},
  volume  = {5},
  number  = {10},
  pages   = {R80},
  doi     = {10.1186/gb-2004-5-10-r80}
}

@Manual{R-Biobase,
  title  = {Biobase: Base functions for Bioconductor},
  author = {Robert Gentleman and Vincent Carey and Martin Morgan and Seth Falcon},
  year   = {2024},
  note   = {R package version 2.66.0},
  url    = {https://bioconductor.org/packages/Biobase},
  doi    = {10.18129/B9.bioc.Biobase}
}

@Manual{R-SummarizedExperiment,
  title  = {SummarizedExperiment: A container for matrix-like assays},
  author = {Martin Morgan and Valerie Obenchain and Jim Hester and Herv{\'e} Pag{\`e}s},
  year   = {2024},
  note   = {R package version 1.36.0},
  url    = {https://bioconductor.org/packages/SummarizedExperiment},
  doi    = {10.18129/B9.bioc.SummarizedExperiment}
}

@Manual{R-datatable,
  title  = {data.table: Extension of `data.frame`},
  author = {Tyson Barrett and Matt Dowle and Arun Srinivasan and Jan Gorecki and Michael Chirico and Toby Hocking and Benjamin Schwendinger and Ivan Krylov},
  year   = {2025},
  note   = {R package version 1.17.0},
  url    = {https://CRAN.R-project.org/package=data.table}
}

@Book{ggplot22016,
  author    = {Hadley Wickham},
  title     = {ggplot2: Elegant Graphics for Data Analysis},
  publisher = {Springer-Verlag New York},
  year      = {2016},
  isbn      = {978-3-319-24277-4},
  url       = {https://ggplot2.tidyverse.org}
}

@Manual{R-kableExtra,
  title  = {kableExtra: Construct Complex Table with 'kable' and Pipe Syntax},
  author = {Hao Zhu},
  year   = {2024},
  note   = {R package version 1.4.0},
  url    = {https://CRAN.R-project.org/package=kableExtra},
  doi    = {10.32614/CRAN.package.kableExtra}
}

@Manual{R-showtext,
  title  = {showtext: Using Fonts More Easily in R Graphs},
  author = {Yixuan Qiu},
  year   = {2023},
  note   = {R package version 0.9-6},
  url    = {https://CRAN.R-project.org/package=showtext},
  doi    = {10.32614/CRAN.package.showtext}
}

@Article{Pearson1901,
  author  = {Karl Pearson},
  title   = {On Lines and Planes of Closest Fit to Systems of Points in Space},
  journal = {Philosophical Magazine},
  series  = {6},
  volume  = {2},
  number  = {11},
  pages   = {559--572},
  year    = {1901}
}

@Article{Torgerson1952,
  author  = {Warren S. Torgerson},
  title   = {Multidimensional scaling: I. Theory and method},
  journal = {Psychometrika},
  volume  = {17},
  number  = {4},
  pages   = {401--419},
  year    = {1952}
}

@Article{McInnes2018,
  author  = {Leland McInnes and John Healy and Nathaniel Saul and Lukas Grossberger},
  title   = {{UMAP}: Uniform Manifold Approximation and Projection},
  journal = {Journal of Open Source Software},
  volume  = {3},
  number  = {29},
  pages   = {861},
  year    = {2018},
  doi     = {10.21105/joss.00861}
}

@Article{VanDerMaaten2008,
  author  = {Laurens van der Maaten and Geoffrey Hinton},
  title   = {Visualizing Data Using t-SNE},
  journal = {Journal of Machine Learning Research},
  volume  = {9},
  pages   = {2579--2605},
  year    = {2008}
}

@Misc{RicardGithub,
  author = {Ricard Gonzalez},
  title = {Gonzalez-Rodriguez-Ricard-PEC1 (PAC1)},
  howpublished = {\url{https://github.com/ricardgr/Gonzalez-Rodriguez-Ricard-PEC1}},
  year = {2025},
  note = {Repositori de codi i dades del projecte}
}

@Manual{R-RStudio,
  title        = {RStudio: Integrated Development Environment for R},
  author       = {{RStudio Team}},
  organization = {Posit Software, PBC},
  address      = {Boston, MA},
  year         = {2024},
  url          = {https://posit.co}
}